<record><leader>00000cas a22000007a 4500</leader><controlfield tag="001">15672719</controlfield><controlfield tag="008">870512d18971901wiudr ne      0    0ger d</controlfield><datafield ind1=" " ind2=" " tag="010"><subfield code="a">sn 87082471 </subfield></datafield><datafield ind1=" " ind2=" " tag="040"><subfield code="a">NPV</subfield><subfield code="b">eng</subfield><subfield code="c">NPV</subfield><subfield code="d">CRL</subfield><subfield code="d">NVF</subfield><subfield code="d">OCLCQ</subfield><subfield code="d">OCLCF</subfield><subfield code="d">OCLCO</subfield></datafield><datafield ind1=" " ind2=" " tag="019"><subfield code="a">9634337</subfield><subfield code="a">15666693</subfield></datafield><datafield ind1="1" ind2=" " tag="029"><subfield code="a">AU@</subfield><subfield code="b">000025818046</subfield></datafield><datafield ind1=" " ind2=" " tag="042"><subfield code="a">msc</subfield></datafield><datafield ind1=" " ind2=" " tag="043"><subfield code="a">n-us-wi</subfield></datafield><datafield ind1="0" ind2="0" tag="245"><subfield code="a">Germania und Abend-Post.</subfield></datafield><datafield ind1="3" ind2="0" tag="246"><subfield code="a">Germania und Abend Post</subfield></datafield><datafield ind1="3" ind2="0" tag="246"><subfield code="a">Germania und Sonntags-Post</subfield></datafield><datafield ind1="3" ind2="0" tag="246"><subfield code="a">Germania und Sonntags Post</subfield></datafield><datafield ind1=" " ind2=" " tag="260"><subfield code="a">Milwaukee, Wis. :</subfield><subfield code="b">Germania Pub. Co.,</subfield><subfield code="c">1897-1901.</subfield></datafield><datafield ind1=" " ind2=" " tag="300"><subfield code="a">5 v.</subfield></datafield><datafield ind1=" " ind2=" " tag="310"><subfield code="a">Daily</subfield></datafield><datafield ind1="0" ind2=" " tag="362"><subfield code="a">24. Jahrg., Nr. 208 (17. Mai 1897)-24. Jahrg., Nr. 326 (14. Sept. 1897) ; 7. Jahrg., Nr. 1 (15 Sept. 1897)-11. Jahrg., no. 49 (2. Nov. 1901).</subfield></datafield><datafield ind1=" " ind2=" " tag="500"><subfield code="a">Sunday issues have title: Germania und Sonntags-Post.</subfield></datafield><datafield ind1=" " ind2=" " tag="546"><subfield code="a">In German.</subfield></datafield><datafield ind1=" " ind2="0" tag="650"><subfield code="a">German Americans</subfield><subfield code="z">Wisconsin</subfield><subfield code="z">Milwaukee</subfield><subfield code="v">Newspapers.</subfield></datafield><datafield ind1=" " ind2="0" tag="651"><subfield code="a">Milwaukee (Wis.)</subfield><subfield code="v">Newspapers.</subfield></datafield><datafield ind1=" " ind2="7" tag="655"><subfield code="a">Newspapers.</subfield><subfield code="2">fast</subfield><subfield code="0">(OCoLC)fst01423814</subfield></datafield><datafield ind1=" " ind2="7" tag="650"><subfield code="a">German Americans.</subfield><subfield code="2">fast</subfield><subfield code="0">(OCoLC)fst00941308</subfield></datafield><datafield ind1=" " ind2="7" tag="651"><subfield code="a">Wisconsin</subfield><subfield code="z">Milwaukee.</subfield><subfield code="2">fast</subfield><subfield code="0">(OCoLC)fst01206626</subfield></datafield><datafield ind1=" " ind2=" " tag="752"><subfield code="a">United States</subfield><subfield code="b">Wisconsin</subfield><subfield code="c">Milwaukee</subfield><subfield code="d">Milwaukee.</subfield></datafield><datafield ind1="0" ind2="4" tag="780"><subfield code="t">Germania (Milwaukee, Wis. : Daily)</subfield><subfield code="w">(DLC)sn 87052265</subfield><subfield code="w">(OCoLC)15248234</subfield></datafield><datafield ind1="0" ind2="4" tag="780"><subfield code="t">Abend Post</subfield><subfield code="w">(DLC)sn 87082479</subfield><subfield code="w">(OCoLC)15682049</subfield></datafield><datafield ind1="0" ind2="0" tag="785"><subfield code="t">Milwaukee Germania Abendpost</subfield><subfield code="w">(DLC)sn 87082472</subfield><subfield code="w">(OCoLC)15673014</subfield></datafield></record>